@article{Sijtsma2016,
  title={Playing with data—or how to discourage questionable research practices and stimulate researchers to do things right},
  author={Sijtsma, Klaas},
  journal={Psychometrika},
  volume={81},
  pages={1--15},
  year={2016}
}

@article{Boulesteix2009,
  title={Over-optimism in bioinformatics research},
  author={Boulesteix, Anne-Laure},
  journal={Bioinformatics},
  volume={26},
  pages={437--439},
  year={2009}
}

@article{BrunsIoannidis2016,
  title={P-curve and p-hacking in observational research},
  author={Bruns, Stephan B and Ioannidis, John PA},
  journal={PloS ONE},
  volume={11},
  pages={e0149144},
  year={2016}
}

@book{Pearl2014,
  title={Probabilistic reasoning in intelligent systems: networks of plausible inference},
  author={Pearl, Judea},
  year={2014},
  publisher={Morgan Kaufmann, San Francisco}
}

@article{kicinski2015publication,
    title={Publication bias in meta-analyses from the Cochrane Database of Systematic Reviews},
    author={Kicinski, Michal and Springate, David A and Kontopantelis, Evangelos},
    journal={Statistics in Medicine},
    volume={34},
    number={20},
    pages={2781--2793},
    year={2015},
    publisher={Wiley Online Library}
}

@article{dickersin1992factors,
    title={Factors influencing publication of research results: follow-up of applications submitted to two institutional review boards},
    author={Dickersin, Kay and Min, Yuan-I and Meinert, Curtis L},
    journal={Journal of the American Medical Association},
    volume={267},
    number={3},
    pages={374--378},
    year={1992},
    publisher={American Medical Association}
}

@article{thompson1994systematic,
    title={Systematic Review: Why sources of heterogeneity in meta-analysis should be investigated},
    author={Thompson, Simon G},
    journal={BMJ: British Medical Journal},
    volume={309},
    number={6965},
    pages={1351--1355},
    year={1994},
    publisher={British Medical Journal Publishing Group}
}

@article{vasishth2018statistical,
    title={The statistical significance filter leads to overoptimistic expectations of replicability},
    author={Vasishth, Shravan and Mertzen, Daniela and J{\"a}ger, Lena A and Gelman, Andrew},
    journal={Journal of Memory and Language},
    volume={103},
    pages={151--175},
    year={2018},
    publisher={Elsevier}
}

@article{hedges1992modeling,
    ISSN = {08834237},
    URL = {http://www.jstor.org/stable/2246311},
    author = {Larry V. Hedges},
    journal = {Statistical Science},
    number = {2},
    pages = {246--255},
    publisher = {Institute of Mathematical Statistics},
    title = {Modeling Publication Selection Effects in Meta-Analysis},
    volume = {7},
    year = {1992}
}

@article{hedges2017plausibility,
    title={Plausibility and influence in selection models: A comment on Citkowicz and Vevea (2017).},
    author={Hedges, Larry V},
    journal={Psychological Methods},
    pages={42–46},
    volume={22},
    issue={1},
    year={2017},
    publisher={American Psychological Association}
}

@article{hedges1996estimating,
    title={Estimating effect size under publication bias: Small sample properties and robustness of a random effects selection model},
    author={Hedges, Larry V and Vevea, Jack L},
    journal={Journal of Educational and Behavioral Statistics},
    volume={21},
    number={4},
    pages={299--332},
    year={1996},
    publisher={Sage Publications Sage CA: Los Angeles, CA}
}

@article{citkowicz2017parsimonious,
    title={A parsimonious weight function for modeling publication bias.},
    author={Citkowicz, Martyna and Vevea, Jack L},
    journal={Psychological Methods},
    volume={22},
    number={1},
    pages={28},
    year={2017},
    publisher={American Psychological Association}
}

@article{iyengar1988selection,
    ISSN = {08834237},
    URL = {http://www.jstor.org/stable/2245925},
    author = {Satish Iyengar and Joel B. Greenhouse},
    journal = {Statistical Science},
    number = {1},
    pages = {109--117},
    publisher = {Institute of Mathematical Statistics},
    title = {Selection Models and the File Drawer Problem},
    volume = {3},
    year = {1988}
}

@article{dear1992approach,
    ISSN = {08834237},
    URL = {http://www.jstor.org/stable/2246310},
    author = {Keith B. G. Dear and Colin B. Begg},
    journal = {Statistical Science},
    number = {2},
    pages = {237--245},
    publisher = {Institute of Mathematical Statistics},
    title = {An Approach for Assessing Publication Bias Prior to Performing a Meta-Analysis},
    volume = {7},
    year = {1992}
}

@incollection{patil1989probing,
    title = "Probing Encountered Data, Meta Analysis and Weighted Distribution Methods",
    booktitle = "Statistical Data Analysis and Inference",
    publisher = "North-Holland",
    address = "Amsterdam",
    pages = "317 - 345",
    year = "1989",
    isbn = "978-0-444-88029-1",
    doi = "https://doi.org/10.1016/B978-0-444-88029-1.50035-6",
    url = "http://www.sciencedirect.com/science/article/pii/B9780444880291500356",
    author = "G.P. Patil and C. Taillie",
}

@incollection{rao1985weighted,
    author="Rao, C. Radhakrishna",
    editor="Atkinson, Anthony C.
    and Fienberg, Stephen E.",
    title="Weighted Distributions Arising Out of Methods of Ascertainment: What Population Does a Sample Represent?",
    booktitle="A Celebration of Statistics",
    year="1985",
    publisher="Springer New York",
    address="New York, NY",
    pages="543--569",
    isbn="978-1-4613-8560-8"
}

@article{rao1965discrete,
    ISSN = {0581572X},
    URL = {http://www.jstor.org/stable/25049375},
    author = {C. Radhakrishna Rao},
    journal = {Sankhyā: The Indian Journal of Statistics, Series A (1961-2002)},
    number = {2/4},
    pages = {311--324},
    publisher = {Springer},
    title = {On Discrete Distributions Arising out of Methods of Ascertainment},
    volume = {27},
    year = {1965}
}

@article{fisher1934effect,
    title={The Effect of Methods of Ascertainment Upon the Estimation of Frequencies},
    author={Fisher, Ronald A},
    journal={Annals of Eugenics},
    volume={6},
    number={1},
    pages={13--25},
    year={1934},
    publisher={Wiley Online Library}
}

@article{gleser1987nonexistence,
    title={The nonexistence of 100 (1-$\alpha$)\% confidence sets of finite expected diameter in errors-in-variables and related models},
    ISSN = {00905364},
    URL = {http://www.jstor.org/stable/2241678},
    author = {Leon Jay Gleser and Jiunn T. Hwang},
    journal = {The Annals of Statistics},
    number = {4},
    pages = {1351--1362},
    publisher = {Institute of Mathematical Statistics},
    volume = {15},
    year = {1987}
}

@BOOK{Krantz2002-bt,
  title     = "A Primer of Real Analytic Functions",
  author    = "Krantz, Steven G and Parks, Harold R",
  publisher = "Springer Science \& Business Media",
  year      =  2002
}

@article{buntine1994operations,
    title={Operations for learning with graphical models},
    author={Buntine, Wray L},
    journal={Journal of Artificial Intelligence Research},
    volume={2},
    pages={159--225},
    year={1994}
}

@article{Moss2019,
  title={Infinite Diameter Confidence Sets in Hedges' Publication Bias Model},
  author={Moss, Jonas},
  journal={arXiv preprint arXiv:1912.09180},
  year={2020}
}

@article{flury1990acceptance,
    title={Acceptance--rejection sampling made easy},
    author={Flury, Bernard D},
    journal={SIAM Review},
    volume={32},
    number={3},
    pages={474--476},
    year={1990},
    publisher={SIAM}
}

@article{ferrari2004beta,
    title={Beta regression for modelling rates and proportions},
    author={Ferrari, Silvia and Cribari-Neto, Francisco},
    journal={Journal of Applied Statistics},
    volume={31},
    number={7},
    pages={799--815},
    year={2004},
    publisher={Taylor \& Francis}
}

@article{von1951various,
    title={Various techniques used in connection with random digits},
    author={von Neumann, John},
    journal={Applied Math Series},
    volume={12},
    number={36-38},
    pages={1},
    year={1951}
}

@book{pearl1988probabilistic,
    title={Probabilistic Reasoning in Intelligent Systems: Networks of Plausible Inference.},
    author={Pearl, Judea},
    year={1988},
    publisher={Morgan Kaufmann Publishers}
}



@article{bangert2004effects,
    title={The effects of school-based writing-to-learn interventions on academic achievement: A meta-analysis},
    author={Bangert-Drowns, Robert L and Hurley, Marlene M and Wilkinson, Barbara},
    journal={Review of Educational Research},
    volume={74},
    number={1},
    pages={29--58},
    year={2004},
    publisher={Sage Publications Sage CA: Thousand Oaks, CA}
}

@article{egger1998meta,
    title={Meta-analysis bias in location and selection of studies},
    author={Egger, Matthias and Smith, George Davey},
    journal={BMJ: British Medical Journal},
    volume={316},
    number={7124},
    pages={61--66},
    year={1998},
    publisher={British Medical Journal Publishing Group}
}

@article{carter2019correcting,
    title={Correcting for bias in psychology: A comparison of meta-analytic methods},
    author={Carter, Evan C and Sch{\"o}nbrodt, Felix D and Gervais, Will M and Hilgard, Joseph},
    journal={Advances in Methods and Practices in Psychological Science},
    volume={2},
    number={2},
    pages={115--144},
    year={2019},
    publisher={SAGE Publications Sage CA: Los Angeles, CA}
}

@article{callaham1998positive,
    title={Positive-outcome bias and other limitations in the outcome of research abstracts submitted to a scientific meeting},
    author={Callaham, Michael L and Wears, Robert L and Weber, Ellen J and Barton, Christopher and Young, Gary},
    journal={Journal of American Medical Association},
    volume={280},
    number={3},
    pages={254--257},
    year={1998},
    publisher={American Medical Association}
}

@article{gleser996bootstrap,
    ISSN = {08834237},
    URL = {http://www.jstor.org/stable/2246111},
    author = {Peter Hall and Michael A. Martin},
    journal = {Statistical Science},
    number = {3},
    pages = {212--214},
    publisher = {Institute of Mathematical Statistics},
    title = {Bootstrap Confidence Intervals: Comment},
    volume = {11},
    year = {1996}
}

@article{romano2004non,
    title={On Non-parametric Testing, the Uniform Behaviour of the t-test, and Related Problems},
    author={Romano, Joseph P},
    journal={Scandinavian Journal of Statistics},
    volume={31},
    number={4},
    pages={567--584},
    year={2004},
    publisher={Wiley Online Library}
}


@article{van2015meta,
    title={Meta-analysis using effect size distributions of only statistically significant studies.},
    author={Van Assen, Marcel ALM and van Aert, Robbie and Wicherts, Jelte M},
    journal={Psychological Methods},
    volume={20},
    number={3},
    pages={293},
    year={2015},
    publisher={American Psychological Association}
}


@ARTICLE{Carpenter2017-cf,
  title     = "Stan: A probabilistic programming language",
  author    = "Carpenter, Bob and Gelman, Andrew and Hoffman, Matthew D and
               Lee, Daniel and Goodrich, Ben and Betancourt, Michael and
               Brubaker, Marcus and Guo, Jiqiang and Li, Peter and Riddell,
               Allen",
  journal   = "Journal of Statistical Software",
  publisher = "Columbia Univ., New York, NY (United States); Harvard Univ.,
               Cambridge, MA",
  volume    =  76,
  number    =  1,
  year      =  2017,
  url       = "https://www.osti.gov/biblio/1430202"
}


@article{stanley2017limitations,
    title={Limitations of PET-PEESE and other meta-analysis methods},
    author={Stanley, Tommy D},
    journal={Social Psychological and Personality Science},
    volume={8},
    number={5},
    pages={581--591},
    year={2017},
    publisher={Sage Publications Sage CA: Los Angeles, CA}
}

@article{stanley2014meta,
    title={Meta-regression approximations to reduce publication selection bias},
    author={Stanley, Tom D and Doucouliagos, Hristos},
    journal={Research Synthesis Methods},
    volume={5},
    number={1},
    pages={60--78},
    year={2014},
    publisher={Wiley Online Library}
}

@article{mcshane2016adjusting,
    title={Adjusting for publication bias in meta-analysis: An evaluation of selection methods and some cautionary notes},
    author={McShane, Blakeley B and Böckenholt, Ulf and Hansen, Karsten T},
    journal={Perspectives on Psychological Science},
    volume={11},
    number={5},
    pages={730--749},
    year={2016},
    publisher={Sage Publications Sage CA: Los Angeles, CA}
}


@article{hedges1984estimation,
    title={Estimation of effect size under nonrandom sampling: The effects of censoring studies yielding statistically insignificant mean differences},
    author={Hedges, Larry V},
    journal={Journal of Educational Statistics},
    volume={9},
    number={1},
    pages={61--85},
    year={1984},
    publisher={Sage Publications Sage CA: Thousand Oaks, CA}
}

@article{simmons2011false,
    title={False-positive psychology: Undisclosed flexibility in data collection and analysis allows presenting anything as significant},
    author={Simmons, Joseph P and Nelson, Leif D and Simonsohn, Uri},
    journal={Psychological Science},
    volume={22},
    number={11},
    pages={1359--1366},
    year={2011},
    publisher={Sage Publications Sage CA: Los Angeles, CA}
}

@article{sterling1959publication,
    title={Publication decisions and their possible effects on inferences drawn from tests of significance—or vice versa},
    author={Sterling, Theodore D},
    journal={Journal of the American Statistical Association},
    volume={54},
    number={285},
    pages={30--34},
    year={1959},
    publisher={Taylor \& Francis Group}
}

@article{simonsohn2014,
    title={p-curve and effect size: Correcting for publication bias using only significant results},
    author={Simonsohn, Uri and Nelson, Leif D and Simmons, Joseph P},
    journal={Perspectives on Psychological Science},
    volume={9},
    number={6},
    pages={666--681},
    year={2014},
    publisher={Sage Publications Sage CA: Los Angeles, CA}
}

@article{simonsohn2014p,
    title={P-curve: a key to the file-drawer.},
    author={Simonsohn, Uri and Nelson, Leif D and Simmons, Joseph P},
    journal={Journal of Experimental Psychology: General},
    volume={143},
    number={2},
    pages={534},
    year={2014},
    publisher={American Psychological Association}
}

@misc{loo,
    title = {loo: Efficient leave-one-out cross-validation and WAIC for Bayesian models},
    author = {Aki Vehtari and Jonah Gabry and Yuling Yao and Andrew Gelman},
    year = {2018},
    note = {R package version 2.0.0},
    url = {https://CRAN.R-project.org/package=loo},
}

@article{loo_article,
    title = {Practical Bayesian model evaluation using leave-one-out cross-validation and WAIC},
    author = {Aki Vehtari and Andrew Gelman and Jonah Gabry},
    year = {2017},
    journal = {Statistics and Computing},
    volume = {27},
    issue = {5},
    pages = {1413--1432},
    doi = {10.1007/s11222-016-9696-4},
}

@article{anderson2010violent,
    title={Violent video game effects on aggression, empathy, and prosocial behavior in Eastern and Western countries: A meta-analytic review.},
    author={Anderson, Craig A and Shibuya, Akiko and Ihori, Nobuko and Swing, Edward L and Bushman, Brad J and Sakamoto, Akira and Rothstein, Hannah R and Saleem, Muniba},
    journal={Psychological Bulletin},
    volume={136},
    number={2},
    pages={151},
    year={2010},
    publisher={American Psychological Association}
}

@article{hilgard2017overstated,
    title={Overstated evidence for short-term effects of violent games on affect and behavior: A reanalysis of Anderson et al.(2010).},
    author={Hilgard, Joseph and Engelhardt, Christopher R and Rouder, Jeffrey N},
    year={2017},
    journal={Psychological Bulletin},
    pages={757-–774},
    volume={143},
    issue={7},
    publisher={American Psychological Association}
}

@article{rosenthal1979file,
    title={The file drawer problem and tolerance for null results.},
    author={Rosenthal, Robert},
    journal={Psychological Bulletin},
    volume={86},
    number={3},
    pages={638},
    year={1979},
    publisher={American Psychological Association}
}

@article{duval2000trim,
    title={Trim and fill: a simple funnel-plot--based method of testing and adjusting for publication bias in meta-analysis},
    author={Duval, Sue and Tweedie, Richard},
    journal={Biometrics},
    volume={56},
    number={2},
    pages={455--463},
    year={2000},
    publisher={Wiley Online Library}
}

@article{becker2005failsafe,
    title = {Failsafe N or file-drawer number},
    author = {Becker, Betsy Jane},
    journal = {Publication bias in meta-analysis: Prevention, assessment and adjustments},
    pages = {111--125},
    year = {2005},
    publisher = {Wiley Chichester, England}
}

@article{hedges2005selection,
    title={Selection method approaches},
    author={Hedges, Larry V and Vevea, JL},
    journal={Publication bias in meta-analysis: Prevention, assessment, and adjustments},
    pages={145--174},
    year={2005},
    publisher={Wiley Chichester, England}
}

@book{lipsey2001practical,
    title={Practical meta-analysis},
    author={Lipsey, Mark W and Wilson, David B},
    year={2001},
    publisher={Sage Publications, Inc}
}

@book{rothstein2006publication,
    title={Publication bias in meta-analysis: Prevention, assessment and adjustments},
    author={Rothstein, Hannah R and Sutton, Alexander J and Borenstein, Michael},
    year={2006},
    publisher={John Wiley \& Sons}
}

@article{molloy2013conscientiousness,
    title={Conscientiousness and medication adherence: a meta-analysis},
    author={Molloy, GJ and O'carroll, RE and Ferguson, Eamonn},
    journal={Annals of Behavioral Medicine},
    volume={47},
    number={1},
    pages={92--101},
    year={2013},
    publisher={Oxford University Press}
}

@article{cuddy2018p,
    title={P-Curving a More Comprehensive Body of Research on Postural Feedback Reveals Clear Evidential Value For Power-Posing Effects: Reply to Simmons and Simonsohn (2017)},
    author={Cuddy, Amy JC and Schultz, S Jack and Fosse, Nathan E},
    journal={Psychological Science},
    volume={29},
    number={4},
    pages={656--666},
    year={2018},
    publisher={SAGE Publications Sage CA: Los Angeles, CA}
}

@article{baskerville2012systematic,
    title={Systematic review and meta-analysis of practice facilitation within primary care settings},
    author={Baskerville, N Bruce and Liddy, Clare and Hogg, William},
    journal={The Annals of Family Medicine},
    volume={10},
    number={1},
    pages={63--74},
    year={2012},
    publisher={Annals Family Med}
}

@book{lehmann2006testing,
    title={Testing statistical hypotheses},
    author={Lehmann, Erich L and Romano, Joseph P},
    year={2006},
    publisher={Springer Science \& Business Media}
}

@article{borjesson1979simple,
    title={Simple approximations of the error function Q (x) for communications applications},
    author={Borjesson, P and Sundberg, C-E},
    journal={IEEE Transactions on Communications},
    volume={27},
    number={3},
    pages={639--643},
    year={1979},
    publisher={IEEE}
}

@article{bahadur1956nonexistence,
    title={The nonexistence of certain statistical procedures in nonparametric problems},
    author={Bahadur, Raghu R and Savage, Leonard J},
    journal={The Annals of Mathematical Statistics},
    volume={27},
    number={4},
    pages={1115--1122},
    year={1956}
}

@article{berger1999integrated,
    title={Integrated likelihood methods for eliminating nuisance parameters},
    author={Berger, James O and Liseo, Brunero and Wolpert, Robert L and others},
    journal={Statistical Science},
    volume={14},
    number={1},
    pages={1--28},
    year={1999},
    publisher={Institute of Mathematical Statistics}
}

@misc{Hilgard2017,
    author = {Hilgard, Joe},
    title = {Anderson-meta Github Repository},
    year = {2017},
    publisher = {GitHub},
    journal = {GitHub repository},
    howpublished = {\url{https://github.com/Joe-Hilgard/Anderson-meta}},
}

@Manual{R,
    title = {R: A Language and Environment for Statistical Computing},
    author = {{R Core Team}},
    organization = {R Foundation for Statistical Computing},
    address = {Vienna, Austria},
    year = {2018},
    url = {https://www.R-project.org/},
}

@incollection{akaike1998information,
    title={Information theory and an extension of the maximum likelihood principle},
    author={Akaike, Hirotogu},
    booktitle={Selected Papers of Hirotugu Akaike},
    pages={199--213},
    year={1998},
    publisher={Springer}
}

@Manual{publipha,
    title = {publipha: Bayesian Meta-Analysis with Publications Bias and P-Hacking},
    author = {Jonas Moss},
    year = {2020},
    note = {R package version 0.1.1},
    url = {https://CRAN.R-project.org/package=publipha},
  }

@book{cohen1988statistical,
    title = {Statistical Power Analysis for the Behavioral Sciences},
    author = {Cohen, Jacob},
    edition = {Second},
    year = {1988},
    publisher = {Lawrence Erlbaum Associates}
}
